<record><leader>00000cas a22000007a 4500</leader><controlfield tag="001">9857858</controlfield><controlfield tag="008">830829d19611990nyudr ne      0    0eng d</controlfield><controlfield tag="009">3781</controlfield><datafield ind1=" " ind2=" " tag="010"><subfield code="a">sn 83031463 </subfield></datafield><datafield ind1=" " ind2=" " tag="040"><subfield code="a">NPU</subfield><subfield code="b">eng</subfield><subfield code="c">NPU</subfield><subfield code="d">NYG</subfield><subfield code="d">NYS</subfield><subfield code="d">OCLCQ</subfield></datafield><datafield ind1="1" ind2=" " tag="029"><subfield code="a">AU@</subfield><subfield code="b">000024692102</subfield></datafield><datafield ind1=" " ind2=" " tag="042"><subfield code="a">msc</subfield></datafield><datafield ind1="0" ind2=" " tag="130"><subfield code="a">Evening news (Newburgh, N.Y. : Newburgh city ed.)</subfield></datafield><datafield ind1="0" ind2="4" tag="245"><subfield code="a">The evening news.</subfield></datafield><datafield ind1=" " ind2=" " tag="250"><subfield code="a">Newburgh city ed.</subfield></datafield><datafield ind1=" " ind2=" " tag="260"><subfield code="a">Newburgh, N.Y. :</subfield><subfield code="b">[Newburgh-Beacon News Co.],</subfield><subfield code="c">1961-1990.</subfield></datafield><datafield ind1=" " ind2=" " tag="300"><subfield code="a">v. :</subfield><subfield code="b">ill. ;</subfield><subfield code="c">71 cm.</subfield></datafield><datafield ind1=" " ind2=" " tag="310"><subfield code="a">Daily,</subfield><subfield code="b">&lt;1990&gt;</subfield></datafield><datafield ind1=" " ind2=" " tag="321"><subfield code="a">Daily (except Sunday and holidays),</subfield><subfield code="b">&lt;1961&gt;</subfield></datafield><datafield ind1="0" ind2=" " tag="362"><subfield code="a">Vol. 1, no. 1 (Feb. 10, 1961)-v. 105, no. 60 (Nov. 24, 1990).</subfield></datafield><datafield ind1=" " ind2=" " tag="500"><subfield code="a">Published as: City ed., &lt;1963&gt;; Final ed., &lt;Nov. 29, 1965&gt;; Newburgh area ed., &lt;Nov. 1990&gt;.</subfield></datafield><datafield ind1=" " ind2=" " tag="500"><subfield code="a">Publisher: Evening News, Inc., &lt;1963&gt;-</subfield></datafield><datafield ind1=" " ind2=" " tag="500"><subfield code="a">Issue for Oct. 31, 1963 is Newburgh-Beacon Bridge dedication edition.</subfield></datafield><datafield ind1=" " ind2=" " tag="530"><subfield code="a">Available on microfilm from Micro Photo Division, Bell and Howell Co.</subfield></datafield><datafield ind1=" " ind2=" " tag="580"><subfield code="a">Other eds.: Evening news (Beacon, N.Y.), Feb. 10, 1961-&lt;Nov. 14, 1990&gt;; Evening news (Newburgh, N.Y. : Orange County ed.), Feb. 10, 1961-&lt;Oct. 1990&gt;.</subfield></datafield><datafield ind1=" " ind2="4" tag="651"><subfield code="a">Newburgh (N.Y.)</subfield><subfield code="v">Newspapers.</subfield></datafield><datafield ind1=" " ind2=" " tag="752"><subfield code="a">United States</subfield><subfield code="b">New York</subfield><subfield code="c">Orange</subfield><subfield code="d">Newburgh.</subfield></datafield><datafield ind1="1" ind2=" " tag="775"><subfield code="t">Evening news (Beacon, N.Y.)</subfield><subfield code="w">(DLC)sn 84031287</subfield><subfield code="w">(OCoLC)10797822</subfield></datafield><datafield ind1="1" ind2=" " tag="775"><subfield code="t">Evening news (Newburgh, N.Y. : Orange County ed.)</subfield><subfield code="w">(DLC)sn 91066925</subfield><subfield code="w">(OCoLC)24267152</subfield></datafield><datafield ind1="0" ind2="0" tag="780"><subfield code="t">Newburgh-Beacon news (Newburgh, N.Y. : Newburgh ed.)</subfield><subfield code="w">(DLC)sn 84031289</subfield></datafield><datafield ind1="0" ind2="6" tag="785"><subfield code="t">Hudson Valley morning news</subfield><subfield code="w">(DLC)sn 90066380</subfield><subfield code="w">(OCoLC)22769346</subfield></datafield><datafield ind1="0" ind2="6" tag="785"><subfield code="t">Hudson Valley evening news</subfield><subfield code="w">(DLC)sn 91066926</subfield><subfield code="w">(OCoLC)24265522</subfield></datafield></record>